@article{yang08,
    author  = "Yang, Y. and Webb, G.I.",
    title   = "Discretization for naive-Bayes learning: managing discretization bias and variance",
    year    = "2008",
    journal = "Mach Learn",
    volume  = "74",
    pages   = "39–-74",
    doi = {https://doi.org/10.1007/s10994-008-5083-5}
}

@misc{enwiki:1077742010,
    author = "{Wikipedia contributors}",
    title = "Bayes' theorem --- {Wikipedia}{,} The Free Encyclopedia",
    year = "2022",
    url = "https://en.wikipedia.org/w/index.php?title=Bayes\%27_theorem&oldid=1077742010",
    note = "[Online; accessed 20-March-2022]"
}

 @misc{KDnuggetsNBC,
    author = "{Nagesh Singh Chauhan}",
    title = "Naïve Bayes Algorithm: Everything you need to know",
    year = "2020",
    url = "https://www.kdnuggets.com/2020/06/naive-bayes-algorithm-everything.html",
    note = "[Online; accessed 20-March-2022]"
  }
  
@article{Salvador13,
    author = {García, Salvador and Luengo, Julián and Sáez, José A. and López, Victoria and Herrera, Francisco},
    year = {2013},
    month = {02},
    pages = {},
    title = {A Survey of Discretization Techniques: Taxonomy and Empirical Analysis in Supervised Learning},
    volume = {25},
    journal = {IEEE Transactions on Knowledge and Data Engineering},
    doi = {10.1109/TKDE.2012.35}
}